@book{intro_to_hilbert_spaces, 
    place={Cambridge}, 
    title={An Introduction to Hilbert Space}, 
    DOI={10.1017/CBO9781139172011}, 
    publisher={Cambridge University Press}, 
    author={Young, N.}, 
    year={1988}
}